<record><leader>00000cas a2200000 a 4500</leader><controlfield tag="001">5005293</controlfield><controlfield tag="008">790525d19522016caudr ne      0   a0eng c</controlfield><datafield ind1=" " ind2=" " tag="010"><subfield code="a">sn 79003824 </subfield></datafield><datafield ind1=" " ind2=" " tag="040"><subfield code="a">NSD</subfield><subfield code="b">eng</subfield><subfield code="c">NSD</subfield><subfield code="d">CNK</subfield><subfield code="d">OCL</subfield><subfield code="d">DLC</subfield><subfield code="d">CUS</subfield><subfield code="d">CNK</subfield><subfield code="d">OCLCQ</subfield><subfield code="d">OCLCF</subfield><subfield code="d">OCLCO</subfield><subfield code="d">CUS</subfield><subfield code="d">DLC</subfield></datafield><datafield ind1=" " ind2=" " tag="012"><subfield code="k">1</subfield><subfield code="m">d</subfield></datafield><datafield ind1="1" ind2=" " tag="022"><subfield code="a">0192-0235</subfield><subfield code="l">0192-0235</subfield><subfield code="y">0193-0235</subfield><subfield code="2">1</subfield></datafield><datafield ind1=" " ind2=" " tag="042"><subfield code="a">nsdp</subfield><subfield code="a">pcc</subfield></datafield><datafield ind1=" " ind2=" " tag="043"><subfield code="a">n-us-ca</subfield></datafield><datafield ind1="0" ind2="0" tag="050"><subfield code="a">Newspaper</subfield></datafield><datafield ind1=" " ind2="4" tag="050"><subfield code="a">AN</subfield></datafield><datafield ind1=" " ind2="0" tag="222"><subfield code="a">Contra Costa times</subfield></datafield><datafield ind1="0" ind2="0" tag="245"><subfield code="a">Contra Costa times.</subfield></datafield><datafield ind1="1" ind2=" " tag="246"><subfield code="i">Sunday issues for &lt;Jan. 7-Sept. 30, 2001&gt; called:</subfield><subfield code="a">Sunday Times</subfield></datafield><datafield ind1="3" ind2=" " tag="246"><subfield code="a">Contra Costa Sunday times</subfield></datafield><datafield ind1="3" ind2=" " tag="246"><subfield code="a">Saturday times</subfield></datafield><datafield ind1=" " ind2=" " tag="260"><subfield code="a">Walnut Creek, Calif. :</subfield><subfield code="b">Lesher Communications, Inc.,</subfield></datafield><datafield ind1=" " ind2=" " tag="300"><subfield code="a">v.</subfield></datafield><datafield ind1=" " ind2=" " tag="310"><subfield code="a">Daily,</subfield><subfield code="b">Sept. 12, 1981-</subfield></datafield><datafield ind1=" " ind2=" " tag="321"><subfield code="a">Frequency varies,</subfield><subfield code="b">Feb. 4, 1952-Sept. 11, 1981</subfield></datafield><datafield ind1=" " ind2=" " tag="336"><subfield code="a">text</subfield><subfield code="b">txt</subfield><subfield code="2">rdacontent</subfield></datafield><datafield ind1=" " ind2=" " tag="337"><subfield code="a">unmediated</subfield><subfield code="b">n</subfield><subfield code="2">rdamedia</subfield></datafield><datafield ind1=" " ind2=" " tag="338"><subfield code="a">volume</subfield><subfield code="b">nc</subfield><subfield code="2">rdacarrier</subfield></datafield><datafield ind1="0" ind2=" " tag="362"><subfield code="a">Vol. 41, no. 68 (Feb. 4, 1952)-</subfield></datafield><datafield ind1=" " ind2=" " tag="500"><subfield code="a">On Sundays published as: Contra Costa Sunday times, Jan 10, 1971-June 13, 1976, and as: Sunday times, Sept 4, 1977-&lt;Sept. 30, 2001&gt;</subfield></datafield><datafield ind1=" " ind2=" " tag="500"><subfield code="a">On Saturdays published as: Saturday times, Sept. 12, 1981-Oct. 27, 1984.</subfield></datafield><datafield ind1=" " ind2=" " tag="530"><subfield code="a">Also available on the internet, called: Hot Coco.</subfield></datafield><datafield ind1=" " ind2=" " tag="530"><subfield code="a">Master negatives are available for duplication from:</subfield><subfield code="b">California Newspaper Microfilm Archive;</subfield><subfield code="c">positive copies may be purchased by the reel; for further information consult the CNMA at:</subfield><subfield code="u">http://cbsr.ucr.edu</subfield></datafield><datafield ind1=" " ind2=" " tag="580"><subfield code="a">Concord transcript (Concord, Calif. : 1987) included as an insert, 1991-</subfield></datafield><datafield ind1=" " ind2=" " tag="580"><subfield code="a">Merged with: Oakland Tribune, Argus and the Daily Review to form: East Bay times.</subfield></datafield><datafield ind1=" " ind2="0" tag="651"><subfield code="a">Walnut Creek (Calif.)</subfield><subfield code="v">Newspapers.</subfield></datafield><datafield ind1=" " ind2="0" tag="651"><subfield code="a">Contra Costa County (Calif.)</subfield><subfield code="v">Newspapers.</subfield></datafield><datafield ind1=" " ind2="7" tag="651"><subfield code="a">California</subfield><subfield code="z">Contra Costa County.</subfield><subfield code="2">fast</subfield><subfield code="0">(OCoLC)fst01206185</subfield></datafield><datafield ind1=" " ind2="7" tag="651"><subfield code="a">California</subfield><subfield code="z">Walnut Creek.</subfield><subfield code="2">fast</subfield><subfield code="0">(OCoLC)fst01213190</subfield></datafield><datafield ind1=" " ind2="7" tag="655"><subfield code="a">Newspapers.</subfield><subfield code="2">fast</subfield><subfield code="0">(OCoLC)fst01423814</subfield></datafield><datafield ind1="0" ind2=" " tag="740"><subfield code="a">Hot coco.</subfield></datafield><datafield ind1=" " ind2=" " tag="752"><subfield code="a">United States</subfield><subfield code="b">California</subfield><subfield code="c">Contra Costa</subfield><subfield code="d">Walnut Creek.</subfield></datafield><datafield ind1="1" ind2=" " tag="776"><subfield code="t">Contra Costa times (Online)</subfield><subfield code="w">(OCoLC)45133588</subfield></datafield><datafield ind1="0" ind2="0" tag="780"><subfield code="t">Walnut Creek courier-journal</subfield><subfield code="w">(DLC)sn 93052064</subfield></datafield><datafield ind1="0" ind2="5" tag="780"><subfield code="t">Concord transcript (Concord, Calif. : 1967)</subfield><subfield code="w">(DLC)sn 95062648</subfield></datafield><datafield ind1="0" ind2="5" tag="780"><subfield code="t">Concord transcript (Concord, Calif. : 1987)</subfield><subfield code="w">(DLC)sn 95062649</subfield></datafield><datafield ind1="1" ind2="7" tag="785"><subfield code="t">Oakland tribune (Oakland, Calif. : 1991)</subfield><subfield code="x">1068-5936</subfield><subfield code="w">(DLC)sn 92061850</subfield><subfield code="w">(OCoLC)23907014</subfield></datafield><datafield ind1="1" ind2="7" tag="785"><subfield code="t">Argus of Fremont, Newark and Union City</subfield></datafield><datafield ind1="1" ind2="7" tag="785"><subfield code="t">Daily review (Hayward, Calif.)</subfield></datafield><datafield ind1="1" ind2="7" tag="785"><subfield code="t">East Bay times</subfield><subfield code="x">2473-0351</subfield><subfield code="w">(DLC)  2016202757</subfield><subfield code="w">(OCoLC)946049096</subfield></datafield><datafield ind1="4" ind2="1" tag="856"><subfield code="z">Online version:</subfield><subfield code="u">http://www.hotcoco.com/cover.htm</subfield></datafield><datafield ind1="4" ind2="1" tag="856"><subfield code="z">Full text available from Newspaper Source: 27/02/1997 to present</subfield><subfield code="u">http://search.ebscohost.com/login.aspx?direct=true&amp;db=nfh&amp;jn=Contra+Costa+Times+(Walnut+Creek,+CA)&amp;site=ehost-live&amp;scope=site</subfield></datafield><datafield ind1=" " ind2=" " tag="936"><subfield code="a">Vol. 90, no. 122 (Sept. 30, 2001) LIC</subfield></datafield><datafield ind1="1" ind2=" " tag="029"><subfield code="a">AU@</subfield><subfield code="b">000007987370</subfield></datafield><datafield ind1="1" ind2=" " tag="029"><subfield code="a">NZ1</subfield><subfield code="b">16067136</subfield></datafield></record>